@article{Koester_1990,
	doi = {10.1088/0034-4885/53/7/001},
	year = 1990,
	month = {jul},
	publisher = {{IOP} Publishing},
	volume = {53},
	number = {7},
	pages = {837--915},
	author = {D Koester and G Chanmugam},
	title = {Physics of white dwarf stars},
	journal = {Reports on Progress in Physics}
}
@ARTICLE{Bradley_1998,
       author = {{Bradley}, P.~A.},
        title = "{Asteroseismology of DAV White Dwarf Stars}",
      journal = {Baltic Astronomy},
     keywords = {STARS: WHITE DWARFS, INTERIORS, OSCILLATIONS},
         year = 1998,
        month = mar,
       volume = {7},
        pages = {111-130},
          doi = {10.1515/astro-1998-0115},
      adsnote = {Provided by the SAO/NASA Astrophysics Data System}
}
@ARTICLE{Kepler_1983,
       author = {{Kepler}, S.~O. and {Robinson}, E.~L. and {Nather}, R.~E.},
        title = "{The light curve of the ZZ Ceti star G 226-29.}",
      journal = {Astrophysical Journal},
     keywords = {Light Curve, Stellar Oscillations, Stellar Rotation, White Dwarf Stars, Angular Velocity, Power Spectra, Stellar Motions, Astrophysics},
         year = 1983,
        month = aug,
       volume = {271},
        pages = {744-753},
          doi = {10.1086/161241},
      adsnote = {Provided by the SAO/NASA Astrophysics Data System}

}
@ARTICLE{Bergeron_1990,
       author = {{Bergeron}, P. and {McGraw}, J.~T.},
        title = "{A Spectroscopically Predicted New ZZ Ceti Variable: GD 165}",
      journal = {Astrophysical Journal, Letters to the Editor},
     keywords = {Spectrum Analysis, Stellar Spectra, Variable Stars, White Dwarf Stars, Brown Dwarf Stars, Fourier Analysis, Light Curve, Power Spectra, Stellar Atmospheres, Stellar Temperature, Astrophysics, STARS: INDIVIDUAL ALPHANUMERIC: GD 165, STARS: PULSATION, STARS: WHITE DWARFS},
         year = 1990,
        month = apr,
       volume = {352},
        pages = {L45},
          doi = {10.1086/185690},
      adsnote = {Provided by the SAO/NASA Astrophysics Data System}
}
@article{Vincent_2020,
	doi = {10.3847/1538-3881/abbe20},
	year = 2020,
	month = nov,
	publisher = {American Astronomical Society},
	volume = {160},
	number = {6},
	pages = {252},
	author = {Olivier Vincent and P. Bergeron and David Lafreni{\`{e}}re},
	title = {Searching for {ZZ} Ceti White Dwarfs in the Gaia Survey},
	journal = {The Astronomical Journal}
}
@article{Limoges_2015,
	doi = {10.1088/0067-0049/219/2/19},
	year = 2015,
	month = jul,
	publisher = {American Astronomical Society},
	volume = {219},
	number = {2},
	pages = {19},
	author = {M.-M. Limoges and P. Bergeron and S. L{\'{e}}pine},
	title = {{PHYSICAL} {PROPERTIES} {OF} {THE} {CURRENT} {CENSUS} {OF} {NORTHERN} {WHITE} {DWARFS} {WITHIN} 40 pc {OF} {THE} {SUN}},
	journal = {The Astrophysical Journal Supplement Series}
}

@book{Catelan_2015,
      title     = "Pulsating Stars",
      author    = "{M. Catelan and H. A. Smith}",
      year      = 2015,
      publisher = "Wiley-VCH Verlag GmbH \& Co. KGaA",
      address   = "Boschstr. 12, 69469 Weinheim, Germany"
}
@article{VanderPlas_2018,
      doi = {10.3847/1538-4365/aab766},
      year = 2018,
      month = {may},
      publisher = {American Astronomical Society},
      volume = {236},
      number = {1},
      pages = {16},
      author = {Jacob T. VanderPlas},
      title = {Understanding the Lomb{\textendash}Scargle Periodogram},
      journal = {The Astrophysical Journal Supplement Series}
}

@article{Bognar_2009,
      author = {Bogn{\'{a}}r,Zs.  and Papar{\'{o}},M.  and Bradley,P. A.  and Bischoff-Kim,A. },
      title = {Light Curve Patterns and Seismology of a White Dwarf with Complex Pulsation},
      journal = {AIP Conference Proceedings},
      volume = 1170,
      number = 1,
      pages = {625-629},
      year = 2009,
      doi = {10.1063/1.3246574}
}

@article{Bischoff_Kim_2008,
	doi = {10.1086/527287},
	url = {https://doi.org/10.1086/527287},
	year = 2008,
	month = {mar},
	publisher = {American Astronomical Society},
	volume = {675},
	number = {2},
	pages = {1505--1511},
	author = {A. Bischoff-Kim and M. H. Montgomery and D. E. Winget},
	title = {Fine Grid Asteroseismology of G117-B15A and R548},
	journal = {The Astrophysical Journal}
}

@article{Winget_2008,
      author = {Winget, D.E. and Kepler, S.O.},
      title = {Pulsating White Dwarf Stars and Precision Asteroseismology},
      journal = {Annual Review of Astronomy and Astrophysics},
      volume = {46},
      number = {1},
      pages = {157-199},
      year = {2008},
      doi = {10.1146/annurev.astro.46.060407.145250}
}

@article{Dziem_1981,
       author = {{Dziembowski}, W. and {Kubiak}, M.},
        title = "{On the Excitation Mechanism in Beta-Cephei Variables}",
      journal = {\actaa},
         year = 1981,
        month = jan,
       volume = {31},
        pages = {153},
       adsurl = {https://ui.adsabs.harvard.edu/abs/1981AcA....31..153D},
      adsnote = {Provided by the SAO/NASA Astrophysics Data System}
}


@INBOOK{Kepler_1989,
       author = {{Kepler}, S.~O. and {Vauclair}, G. and {Nather}, R.~E. and {Winget}, D.~E. and {Robinson}, E.~L.},
        title = "{G117-1115A: how is it evolving?}",
     keywords = {Stellar Evolution, Stellar Spectrophotometry, White Dwarf Stars, Light Curve, Stellar Luminosity, Stellar Oscillations, Stellar Structure, Astrophysics},
    booktitle = {IAU Colloq. 114: White Dwarfs},
         year = 1989,
       volume = {328},
        pages = {341},
          doi = {10.1007/3-540-51031-1\_344},
      adsnote = {Provided by the SAO/NASA Astrophysics Data System}
}

@ARTICLE{Fu_2013,
       author = {{Fu}, J. -N. and {Dolez}, N. and {Vauclair}, G. and {Fox-Machado}, L. and {Kim}, S. -L. and {Li}, C. and {Chen}, L. and {Alvarez}, M. and {Su}, J. and {Charpinet}, S. and {Chevreton}, M. and {Michel}, R. and {Yang}, X.~H. and {Li}, Y. and {Zhang}, Y.~P. and {Molnar}, L. and {Plachy}, E.},
        title = "{Asteroseismology of the ZZ Ceti star HS 0507+0434B}",
      journal = {\mnras},
     keywords = {stars: individual: HS 0507+0434B, stars: oscillations, white dwarfs, Astrophysics - Solar and Stellar Astrophysics},
         year = 2013,
        month = feb,
       volume = {429},
       number = {2},
        pages = {1585-1595},
          doi = {10.1093/mnras/sts438},
archivePrefix = {arXiv},
       eprint = {1211.6226},
 primaryClass = {astro-ph.SR},
       adsurl = {https://ui.adsabs.harvard.edu/abs/2013MNRAS.429.1585F},
      adsnote = {Provided by the SAO/NASA Astrophysics Data System}
}

